@article{mehrabian1971silent,
  title={Silent messages.},
  author={Mehrabian, Albert},
  year={1971},
  publisher={Wadsworth}
}

@article{coggon2013disabling,
  title={Disabling musculoskeletal pain in working populations: Is it the job, the person, or the culture?},
  author={Coggon, David and Ntani, Georgia and Palmer, Keith T and Felli, Vanda E and Harari, Raul and Barrero, Lope H and Felknor, Sarah A and Gimeno, David and Cattrell, Anna and Serra, Consol and others},
  journal={Pain},
  volume={154},
  number={6},
  pages={856--863},
  year={2013},
  publisher={Elsevier}
}
